%YAML 1.1
%TAG !u! tag:unity3d.com,2011:
--- !u!1 &163020
GameObject:
  m_ObjectHideFlags: 0
  m_PrefabParentObject: {fileID: 0}
  m_PrefabInternal: {fileID: 100100000}
  serializedVersion: 4
  m_Component:
  - 4: {fileID: 436486}
  - 33: {fileID: 3379254}
  - 23: {fileID: 2321024}
  - 114: {fileID: 11448140}
  - 58: {fileID: 5877852}
  - 50: {fileID: 5054834}
  m_Layer: 9
  m_Name: PhotonWhite
  m_TagString: Photon
  m_Icon: {fileID: 0}
  m_NavMeshLayer: 0
  m_StaticEditorFlags: 0
  m_IsActive: 1
--- !u!4 &436486
Transform:
  m_ObjectHideFlags: 1
  m_PrefabParentObject: {fileID: 0}
  m_PrefabInternal: {fileID: 100100000}
  m_GameObject: {fileID: 163020}
  m_LocalRotation: {x: 0, y: 0, z: 0, w: 1}
  m_LocalPosition: {x: -2.98, y: -0.37, z: 0}
  m_LocalScale: {x: 0.45999998, y: 0.45999998, z: 0.45999998}
  m_Children: []
  m_Father: {fileID: 0}
  m_RootOrder: 0
--- !u!23 &2321024
MeshRenderer:
  m_ObjectHideFlags: 1
  m_PrefabParentObject: {fileID: 0}
  m_PrefabInternal: {fileID: 100100000}
  m_GameObject: {fileID: 163020}
  m_Enabled: 1
  m_CastShadows: 1
  m_ReceiveShadows: 1
  m_Materials:
  - {fileID: 2100000, guid: cb59613ae3add0047acfdee4e4781df3, type: 2}
  m_SubsetIndices: 
  m_StaticBatchRoot: {fileID: 0}
  m_UseLightProbes: 1
  m_ReflectionProbeUsage: 1
  m_ProbeAnchor: {fileID: 0}
  m_ScaleInLightmap: 1
  m_PreserveUVs: 1
  m_IgnoreNormalsForChartDetection: 0
  m_ImportantGI: 0
  m_MinimumChartSize: 4
  m_AutoUVMaxDistance: 0.5
  m_AutoUVMaxAngle: 89
  m_LightmapParameters: {fileID: 0}
  m_SortingLayerID: 0
  m_SortingOrder: 0
--- !u!33 &3379254
MeshFilter:
  m_ObjectHideFlags: 1
  m_PrefabParentObject: {fileID: 0}
  m_PrefabInternal: {fileID: 100100000}
  m_GameObject: {fileID: 163020}
  m_Mesh: {fileID: 10207, guid: 0000000000000000e000000000000000, type: 0}
--- !u!50 &5054834
Rigidbody2D:
  serializedVersion: 2
  m_ObjectHideFlags: 1
  m_PrefabParentObject: {fileID: 0}
  m_PrefabInternal: {fileID: 100100000}
  m_GameObject: {fileID: 163020}
  m_UseAutoMass: 0
  m_Mass: 0.0001
  m_LinearDrag: 0
  m_AngularDrag: 0.05
  m_GravityScale: 0
  m_IsKinematic: 0
  m_Interpolate: 0
  m_SleepingMode: 1
  m_CollisionDetection: 1
  m_Constraints: 0
--- !u!58 &5877852
CircleCollider2D:
  m_ObjectHideFlags: 1
  m_PrefabParentObject: {fileID: 0}
  m_PrefabInternal: {fileID: 100100000}
  m_GameObject: {fileID: 163020}
  m_Enabled: 1
  m_Density: 1
  m_Material: {fileID: 0}
  m_IsTrigger: 0
  m_UsedByEffector: 0
  m_Offset: {x: 0, y: 0}
  serializedVersion: 2
  m_Radius: 0.5
--- !u!114 &11448140
MonoBehaviour:
  m_ObjectHideFlags: 1
  m_PrefabParentObject: {fileID: 0}
  m_PrefabInternal: {fileID: 100100000}
  m_GameObject: {fileID: 163020}
  m_Enabled: 1
  m_EditorHideFlags: 0
  m_Script: {fileID: 11500000, guid: cd9468c37c1020249ac5c910b10fcd27, type: 3}
  m_Name: 
  m_EditorClassIdentifier: 
  speed: 20
  lifeTime: 3
  color: 6
  direction: {x: 1, y: 0, z: 0}
  materials:
  - {fileID: 2100000, guid: 7740d61a45f08554bb518a31573a276a, type: 2}
  - {fileID: 2100000, guid: 0868725451c7a9b48a1c718467338339, type: 2}
  - {fileID: 2100000, guid: ffa09ecf81181324a9e194a82f74e634, type: 2}
  - {fileID: 2100000, guid: 02754ea48482d9a459eac9038c80fd54, type: 2}
  - {fileID: 2100000, guid: 2da1044a9fd8a8c4e8bd464904fddbd2, type: 2}
  - {fileID: 2100000, guid: 018724737fb446c4cb5b313efc4dd071, type: 2}
  - {fileID: 2100000, guid: cb59613ae3add0047acfdee4e4781df3, type: 2}
--- !u!1001 &100100000
Prefab:
  m_ObjectHideFlags: 1
  serializedVersion: 2
  m_Modification:
    m_TransformParent: {fileID: 0}
    m_Modifications:
    - target: {fileID: 0}
      propertyPath: materials.Array.size
      value: 7
      objectReference: {fileID: 0}
    - target: {fileID: 0}
      propertyPath: m_Materials.Array.data[0]
      value: 
      objectReference: {fileID: 2100000, guid: cb59613ae3add0047acfdee4e4781df3, type: 2}
    - target: {fileID: 0}
      propertyPath: m_UseGravity
      value: 0
      objectReference: {fileID: 0}
    - target: {fileID: 0}
      propertyPath: m_Constraints
      value: 72
      objectReference: {fileID: 0}
    - target: {fileID: 0}
      propertyPath: speed
      value: 20
      objectReference: {fileID: 0}
    - target: {fileID: 0}
      propertyPath: m_TagString
      value: Photon
      objectReference: {fileID: 0}
    - target: {fileID: 0}
      propertyPath: m_Layer
      value: 9
      objectReference: {fileID: 0}
    - target: {fileID: 0}
      propertyPath: m_GravityScale
      value: 0
      objectReference: {fileID: 0}
    - target: {fileID: 0}
      propertyPath: m_IsKinematic
      value: 0
      objectReference: {fileID: 0}
    - target: {fileID: 0}
      propertyPath: color
      value: 6
      objectReference: {fileID: 0}
    - target: {fileID: 0}
      propertyPath: m_Mass
      value: 0.0001
      objectReference: {fileID: 0}
    - target: {fileID: 0}
      propertyPath: m_CollisionDetection
      value: 1
      objectReference: {fileID: 0}
    - target: {fileID: 0}
      propertyPath: materials.Array.data[0]
      value: 
      objectReference: {fileID: 2100000, guid: 7740d61a45f08554bb518a31573a276a, type: 2}
    - target: {fileID: 0}
      propertyPath: materials.Array.data[1]
      value: 
      objectReference: {fileID: 2100000, guid: 0868725451c7a9b48a1c718467338339, type: 2}
    - target: {fileID: 0}
      propertyPath: materials.Array.data[2]
      value: 
      objectReference: {fileID: 2100000, guid: ffa09ecf81181324a9e194a82f74e634, type: 2}
    - target: {fileID: 0}
      propertyPath: materials.Array.data[3]
      value: 
      objectReference: {fileID: 2100000, guid: 02754ea48482d9a459eac9038c80fd54, type: 2}
    - target: {fileID: 0}
      propertyPath: materials.Array.data[4]
      value: 
      objectReference: {fileID: 2100000, guid: 2da1044a9fd8a8c4e8bd464904fddbd2, type: 2}
    - target: {fileID: 0}
      propertyPath: materials.Array.data[5]
      value: 
      objectReference: {fileID: 2100000, guid: 018724737fb446c4cb5b313efc4dd071, type: 2}
    - target: {fileID: 0}
      propertyPath: materials.Array.data[6]
      value: 
      objectReference: {fileID: 2100000, guid: cb59613ae3add0047acfdee4e4781df3, type: 2}
    m_RemovedComponents: []
  m_ParentPrefab: {fileID: 0}
  m_RootGameObject: {fileID: 163020}
  m_IsPrefabParent: 1
