%YAML 1.1
%TAG !u! tag:unity3d.com,2011:
--- !u!29 &1
SceneSettings:
  m_ObjectHideFlags: 0
  m_PVSData: 
  m_PVSObjectsArray: []
  m_PVSPortalsArray: []
  m_OcclusionBakeSettings:
    smallestOccluder: 5
    smallestHole: 0.25
    backfaceThreshold: 100
--- !u!104 &2
RenderSettings:
  m_ObjectHideFlags: 0
  serializedVersion: 6
  m_Fog: 0
  m_FogColor: {r: 0.5, g: 0.5, b: 0.5, a: 1}
  m_FogMode: 3
  m_FogDensity: 0.01
  m_LinearFogStart: 0
  m_LinearFogEnd: 300
  m_AmbientSkyColor: {r: 0.212, g: 0.227, b: 0.259, a: 1}
  m_AmbientEquatorColor: {r: 0.114, g: 0.125, b: 0.133, a: 1}
  m_AmbientGroundColor: {r: 0.047, g: 0.043, b: 0.035, a: 1}
  m_AmbientIntensity: 1
  m_AmbientMode: 3
  m_SkyboxMaterial: {fileID: 0}
  m_HaloStrength: 0.5
  m_FlareStrength: 1
  m_FlareFadeSpeed: 3
  m_HaloTexture: {fileID: 0}
  m_SpotCookie: {fileID: 10001, guid: 0000000000000000e000000000000000, type: 0}
  m_DefaultReflectionMode: 0
  m_DefaultReflectionResolution: 128
  m_ReflectionBounces: 1
  m_ReflectionIntensity: 1
  m_CustomReflection: {fileID: 0}
  m_Sun: {fileID: 0}
--- !u!157 &3
LightmapSettings:
  m_ObjectHideFlags: 0
  serializedVersion: 6
  m_GIWorkflowMode: 1
  m_LightmapsMode: 1
  m_GISettings:
    serializedVersion: 2
    m_BounceScale: 1
    m_IndirectOutputScale: 1
    m_AlbedoBoost: 1
    m_TemporalCoherenceThreshold: 1
    m_EnvironmentLightingMode: 0
    m_EnableBakedLightmaps: 0
    m_EnableRealtimeLightmaps: 0
  m_LightmapEditorSettings:
    serializedVersion: 3
    m_Resolution: 2
    m_BakeResolution: 40
    m_TextureWidth: 1024
    m_TextureHeight: 1024
    m_AOMaxDistance: 1
    m_Padding: 2
    m_CompAOExponent: 0
    m_LightmapParameters: {fileID: 0}
    m_TextureCompression: 1
    m_FinalGather: 0
    m_FinalGatherRayCount: 1024
    m_ReflectionCompression: 2
  m_LightingDataAsset: {fileID: 0}
  m_RuntimeCPUUsage: 25
--- !u!196 &4
NavMeshSettings:
  serializedVersion: 2
  m_ObjectHideFlags: 0
  m_BuildSettings:
    serializedVersion: 2
    agentRadius: 0.5
    agentHeight: 2
    agentSlope: 45
    agentClimb: 0.4
    ledgeDropHeight: 0
    maxJumpAcrossDistance: 0
    accuratePlacement: 0
    minRegionArea: 2
    cellSize: 0.16666667
    manualCellSize: 0
  m_NavMeshData: {fileID: 0}
--- !u!4 &2422407 stripped
Transform:
  m_PrefabParentObject: {fileID: 493586, guid: b7e5e980650657a4591538f650e24bd9, type: 2}
  m_PrefabInternal: {fileID: 1540082545}
--- !u!4 &15456187 stripped
Transform:
  m_PrefabParentObject: {fileID: 493322, guid: cc4915969686b1e4c888dfc25c81b502, type: 2}
  m_PrefabInternal: {fileID: 1608831024}
--- !u!4 &34460190 stripped
Transform:
  m_PrefabParentObject: {fileID: 402184, guid: 70d79d9d508aef14db0ff73f957ad003, type: 2}
  m_PrefabInternal: {fileID: 1171564165}
--- !u!4 &43286610 stripped
Transform:
  m_PrefabParentObject: {fileID: 426412, guid: a15b6c393d7e35b4c8b44ea4fe3706e7, type: 2}
  m_PrefabInternal: {fileID: 576191067}
--- !u!4 &54044860 stripped
Transform:
  m_PrefabParentObject: {fileID: 479376, guid: c5607031807265b48b4a92e64f67d4cb, type: 2}
  m_PrefabInternal: {fileID: 1452805482}
--- !u!4 &71157832 stripped
Transform:
  m_PrefabParentObject: {fileID: 493586, guid: b7e5e980650657a4591538f650e24bd9, type: 2}
  m_PrefabInternal: {fileID: 317692824}
--- !u!4 &95023305 stripped
Transform:
  m_PrefabParentObject: {fileID: 400110, guid: c5607031807265b48b4a92e64f67d4cb, type: 2}
  m_PrefabInternal: {fileID: 1452805482}
--- !u!4 &149111332 stripped
Transform:
  m_PrefabParentObject: {fileID: 459490, guid: b7e5e980650657a4591538f650e24bd9, type: 2}
  m_PrefabInternal: {fileID: 317692824}
--- !u!4 &196505197 stripped
Transform:
  m_PrefabParentObject: {fileID: 421884, guid: cc4915969686b1e4c888dfc25c81b502, type: 2}
  m_PrefabInternal: {fileID: 1608831024}
--- !u!1001 &317692824
Prefab:
  m_ObjectHideFlags: 0
  serializedVersion: 2
  m_Modification:
    m_TransformParent: {fileID: 1191108350}
    m_Modifications:
    - target: {fileID: 11472312, guid: b7e5e980650657a4591538f650e24bd9, type: 2}
      propertyPath: waypoints.Array.size
      value: 2
      objectReference: {fileID: 0}
    - target: {fileID: 459490, guid: b7e5e980650657a4591538f650e24bd9, type: 2}
      propertyPath: m_LocalPosition.x
      value: -1.46
      objectReference: {fileID: 0}
    - target: {fileID: 459490, guid: b7e5e980650657a4591538f650e24bd9, type: 2}
      propertyPath: m_LocalPosition.y
      value: -2.05
      objectReference: {fileID: 0}
    - target: {fileID: 459490, guid: b7e5e980650657a4591538f650e24bd9, type: 2}
      propertyPath: m_LocalPosition.z
      value: -0.043491874
      objectReference: {fileID: 0}
    - target: {fileID: 459490, guid: b7e5e980650657a4591538f650e24bd9, type: 2}
      propertyPath: m_LocalRotation.x
      value: 0
      objectReference: {fileID: 0}
    - target: {fileID: 459490, guid: b7e5e980650657a4591538f650e24bd9, type: 2}
      propertyPath: m_LocalRotation.y
      value: 0
      objectReference: {fileID: 0}
    - target: {fileID: 459490, guid: b7e5e980650657a4591538f650e24bd9, type: 2}
      propertyPath: m_LocalRotation.z
      value: 0
      objectReference: {fileID: 0}
    - target: {fileID: 459490, guid: b7e5e980650657a4591538f650e24bd9, type: 2}
      propertyPath: m_LocalRotation.w
      value: 1
      objectReference: {fileID: 0}
    - target: {fileID: 459490, guid: b7e5e980650657a4591538f650e24bd9, type: 2}
      propertyPath: m_RootOrder
      value: 0
      objectReference: {fileID: 0}
    - target: {fileID: 11472312, guid: b7e5e980650657a4591538f650e24bd9, type: 2}
      propertyPath: waypoints.Array.data[0]
      value: 
      objectReference: {fileID: 71157832}
    - target: {fileID: 11472312, guid: b7e5e980650657a4591538f650e24bd9, type: 2}
      propertyPath: waypoints.Array.data[1]
      value: 
      objectReference: {fileID: 1314414325}
    - target: {fileID: 11472312, guid: b7e5e980650657a4591538f650e24bd9, type: 2}
      propertyPath: loop
      value: 2
      objectReference: {fileID: 0}
    - target: {fileID: 11472312, guid: b7e5e980650657a4591538f650e24bd9, type: 2}
      propertyPath: moving
      value: 0
      objectReference: {fileID: 0}
    - target: {fileID: 459490, guid: b7e5e980650657a4591538f650e24bd9, type: 2}
      propertyPath: m_LocalScale.x
      value: 0.3092755
      objectReference: {fileID: 0}
    - target: {fileID: 459490, guid: b7e5e980650657a4591538f650e24bd9, type: 2}
      propertyPath: m_LocalScale.y
      value: 0.30927554
      objectReference: {fileID: 0}
    - target: {fileID: 459490, guid: b7e5e980650657a4591538f650e24bd9, type: 2}
      propertyPath: m_LocalScale.z
      value: 0.30927554
      objectReference: {fileID: 0}
    - target: {fileID: 11472312, guid: b7e5e980650657a4591538f650e24bd9, type: 2}
      propertyPath: speed
      value: 3
      objectReference: {fileID: 0}
    - target: {fileID: 179716, guid: b7e5e980650657a4591538f650e24bd9, type: 2}
      propertyPath: m_Name
      value: First
      objectReference: {fileID: 0}
    m_RemovedComponents: []
  m_ParentPrefab: {fileID: 100100000, guid: b7e5e980650657a4591538f650e24bd9, type: 2}
  m_IsPrefabParent: 0
--- !u!1 &378997590
GameObject:
  m_ObjectHideFlags: 0
  m_PrefabParentObject: {fileID: 0}
  m_PrefabInternal: {fileID: 0}
  serializedVersion: 4
  m_Component:
  - 4: {fileID: 378997591}
  m_Layer: 0
  m_Name: Puzzle
  m_TagString: Untagged
  m_Icon: {fileID: 0}
  m_NavMeshLayer: 0
  m_StaticEditorFlags: 0
  m_IsActive: 1
--- !u!4 &378997591
Transform:
  m_ObjectHideFlags: 0
  m_PrefabParentObject: {fileID: 0}
  m_PrefabInternal: {fileID: 0}
  m_GameObject: {fileID: 378997590}
  m_LocalRotation: {x: 0, y: 0, z: 0, w: 1}
  m_LocalPosition: {x: -1.986215, y: -1.539777, z: 0}
  m_LocalScale: {x: 1, y: 1, z: 1}
  m_Children:
  - {fileID: 1191108350}
  - {fileID: 1006018913}
  - {fileID: 1944085901}
  m_Father: {fileID: 0}
  m_RootOrder: 6
--- !u!4 &380557412 stripped
Transform:
  m_PrefabParentObject: {fileID: 419130, guid: cc4915969686b1e4c888dfc25c81b502, type: 2}
  m_PrefabInternal: {fileID: 1608831024}
--- !u!114 &381982740 stripped
MonoBehaviour:
  m_PrefabParentObject: {fileID: 11472312, guid: b7e5e980650657a4591538f650e24bd9,
    type: 2}
  m_PrefabInternal: {fileID: 1714850559}
  m_Script: {fileID: 11500000, guid: 34d9a6506bda1dc4986cadb2bcbe2700, type: 3}
--- !u!1001 &447374803
Prefab:
  m_ObjectHideFlags: 0
  serializedVersion: 2
  m_Modification:
    m_TransformParent: {fileID: 0}
    m_Modifications:
    - target: {fileID: 22400508, guid: d915f42d45c4aaa43a1b568432b275a7, type: 2}
      propertyPath: m_LocalPosition.x
      value: 0
      objectReference: {fileID: 0}
    - target: {fileID: 22400508, guid: d915f42d45c4aaa43a1b568432b275a7, type: 2}
      propertyPath: m_LocalPosition.y
      value: 0
      objectReference: {fileID: 0}
    - target: {fileID: 22400508, guid: d915f42d45c4aaa43a1b568432b275a7, type: 2}
      propertyPath: m_LocalPosition.z
      value: 0
      objectReference: {fileID: 0}
    - target: {fileID: 22400508, guid: d915f42d45c4aaa43a1b568432b275a7, type: 2}
      propertyPath: m_LocalRotation.x
      value: 0
      objectReference: {fileID: 0}
    - target: {fileID: 22400508, guid: d915f42d45c4aaa43a1b568432b275a7, type: 2}
      propertyPath: m_LocalRotation.y
      value: 0
      objectReference: {fileID: 0}
    - target: {fileID: 22400508, guid: d915f42d45c4aaa43a1b568432b275a7, type: 2}
      propertyPath: m_LocalRotation.z
      value: 0
      objectReference: {fileID: 0}
    - target: {fileID: 22400508, guid: d915f42d45c4aaa43a1b568432b275a7, type: 2}
      propertyPath: m_LocalRotation.w
      value: 1
      objectReference: {fileID: 0}
    - target: {fileID: 22400508, guid: d915f42d45c4aaa43a1b568432b275a7, type: 2}
      propertyPath: m_RootOrder
      value: 8
      objectReference: {fileID: 0}
    - target: {fileID: 22400508, guid: d915f42d45c4aaa43a1b568432b275a7, type: 2}
      propertyPath: m_AnchoredPosition.x
      value: 0
      objectReference: {fileID: 0}
    - target: {fileID: 22400508, guid: d915f42d45c4aaa43a1b568432b275a7, type: 2}
      propertyPath: m_AnchoredPosition.y
      value: 0
      objectReference: {fileID: 0}
    - target: {fileID: 22400508, guid: d915f42d45c4aaa43a1b568432b275a7, type: 2}
      propertyPath: m_SizeDelta.x
      value: 0
      objectReference: {fileID: 0}
    - target: {fileID: 22400508, guid: d915f42d45c4aaa43a1b568432b275a7, type: 2}
      propertyPath: m_SizeDelta.y
      value: 0
      objectReference: {fileID: 0}
    - target: {fileID: 22400508, guid: d915f42d45c4aaa43a1b568432b275a7, type: 2}
      propertyPath: m_AnchorMin.x
      value: 0
      objectReference: {fileID: 0}
    - target: {fileID: 22400508, guid: d915f42d45c4aaa43a1b568432b275a7, type: 2}
      propertyPath: m_AnchorMin.y
      value: 0
      objectReference: {fileID: 0}
    - target: {fileID: 22400508, guid: d915f42d45c4aaa43a1b568432b275a7, type: 2}
      propertyPath: m_AnchorMax.x
      value: 0
      objectReference: {fileID: 0}
    - target: {fileID: 22400508, guid: d915f42d45c4aaa43a1b568432b275a7, type: 2}
      propertyPath: m_AnchorMax.y
      value: 0
      objectReference: {fileID: 0}
    - target: {fileID: 22400508, guid: d915f42d45c4aaa43a1b568432b275a7, type: 2}
      propertyPath: m_Pivot.x
      value: 0
      objectReference: {fileID: 0}
    - target: {fileID: 22400508, guid: d915f42d45c4aaa43a1b568432b275a7, type: 2}
      propertyPath: m_Pivot.y
      value: 0
      objectReference: {fileID: 0}
    - target: {fileID: 11464566, guid: d915f42d45c4aaa43a1b568432b275a7, type: 2}
      propertyPath: manager
      value: 
      objectReference: {fileID: 915649447}
    m_RemovedComponents: []
  m_ParentPrefab: {fileID: 100100000, guid: d915f42d45c4aaa43a1b568432b275a7, type: 2}
  m_IsPrefabParent: 0
--- !u!4 &483687485 stripped
Transform:
  m_PrefabParentObject: {fileID: 404974, guid: 181e4b75fe481ab41b7e8ead80ab71bb, type: 2}
  m_PrefabInternal: {fileID: 1834869283}
--- !u!4 &485495723 stripped
Transform:
  m_PrefabParentObject: {fileID: 472030, guid: 4c3abaf6c7b93fd40a599906d50573f2, type: 2}
  m_PrefabInternal: {fileID: 983801940}
--- !u!1001 &573408061
Prefab:
  m_ObjectHideFlags: 0
  serializedVersion: 2
  m_Modification:
    m_TransformParent: {fileID: 0}
    m_Modifications:
    - target: {fileID: 444336, guid: c938c2e6d9d4e2e49bdbcf523cafabb4, type: 2}
      propertyPath: m_LocalPosition.x
      value: 16.81
      objectReference: {fileID: 0}
    - target: {fileID: 444336, guid: c938c2e6d9d4e2e49bdbcf523cafabb4, type: 2}
      propertyPath: m_LocalPosition.y
      value: 16.3
      objectReference: {fileID: 0}
    - target: {fileID: 444336, guid: c938c2e6d9d4e2e49bdbcf523cafabb4, type: 2}
      propertyPath: m_LocalPosition.z
      value: 0.140625
      objectReference: {fileID: 0}
    - target: {fileID: 444336, guid: c938c2e6d9d4e2e49bdbcf523cafabb4, type: 2}
      propertyPath: m_LocalRotation.x
      value: 0
      objectReference: {fileID: 0}
    - target: {fileID: 444336, guid: c938c2e6d9d4e2e49bdbcf523cafabb4, type: 2}
      propertyPath: m_LocalRotation.y
      value: 0
      objectReference: {fileID: 0}
    - target: {fileID: 444336, guid: c938c2e6d9d4e2e49bdbcf523cafabb4, type: 2}
      propertyPath: m_LocalRotation.z
      value: 0
      objectReference: {fileID: 0}
    - target: {fileID: 444336, guid: c938c2e6d9d4e2e49bdbcf523cafabb4, type: 2}
      propertyPath: m_LocalRotation.w
      value: 1
      objectReference: {fileID: 0}
    - target: {fileID: 444336, guid: c938c2e6d9d4e2e49bdbcf523cafabb4, type: 2}
      propertyPath: m_RootOrder
      value: 5
      objectReference: {fileID: 0}
    m_RemovedComponents: []
  m_ParentPrefab: {fileID: 100100000, guid: c938c2e6d9d4e2e49bdbcf523cafabb4, type: 2}
  m_IsPrefabParent: 0
--- !u!1001 &576191067
Prefab:
  m_ObjectHideFlags: 0
  serializedVersion: 2
  m_Modification:
    m_TransformParent: {fileID: 1006018913}
    m_Modifications:
    - target: {fileID: 11419534, guid: a15b6c393d7e35b4c8b44ea4fe3706e7, type: 2}
      propertyPath: impactedObjects.Array.size
      value: 1
      objectReference: {fileID: 0}
    - target: {fileID: 426412, guid: a15b6c393d7e35b4c8b44ea4fe3706e7, type: 2}
      propertyPath: m_LocalPosition.x
      value: 29.36921
      objectReference: {fileID: 0}
    - target: {fileID: 426412, guid: a15b6c393d7e35b4c8b44ea4fe3706e7, type: 2}
      propertyPath: m_LocalPosition.y
      value: 14.326885
      objectReference: {fileID: 0}
    - target: {fileID: 426412, guid: a15b6c393d7e35b4c8b44ea4fe3706e7, type: 2}
      propertyPath: m_LocalPosition.z
      value: 0.140625
      objectReference: {fileID: 0}
    - target: {fileID: 426412, guid: a15b6c393d7e35b4c8b44ea4fe3706e7, type: 2}
      propertyPath: m_LocalRotation.x
      value: 0
      objectReference: {fileID: 0}
    - target: {fileID: 426412, guid: a15b6c393d7e35b4c8b44ea4fe3706e7, type: 2}
      propertyPath: m_LocalRotation.y
      value: 0
      objectReference: {fileID: 0}
    - target: {fileID: 426412, guid: a15b6c393d7e35b4c8b44ea4fe3706e7, type: 2}
      propertyPath: m_LocalRotation.z
      value: 0
      objectReference: {fileID: 0}
    - target: {fileID: 426412, guid: a15b6c393d7e35b4c8b44ea4fe3706e7, type: 2}
      propertyPath: m_LocalRotation.w
      value: 1
      objectReference: {fileID: 0}
    - target: {fileID: 426412, guid: a15b6c393d7e35b4c8b44ea4fe3706e7, type: 2}
      propertyPath: m_RootOrder
      value: 1
      objectReference: {fileID: 0}
    - target: {fileID: 426412, guid: a15b6c393d7e35b4c8b44ea4fe3706e7, type: 2}
      propertyPath: m_LocalScale.x
      value: 3.2
      objectReference: {fileID: 0}
    - target: {fileID: 426412, guid: a15b6c393d7e35b4c8b44ea4fe3706e7, type: 2}
      propertyPath: m_LocalScale.y
      value: 3.2
      objectReference: {fileID: 0}
    - target: {fileID: 11419534, guid: a15b6c393d7e35b4c8b44ea4fe3706e7, type: 2}
      propertyPath: impactedObjects.Array.data[0]
      value: 
      objectReference: {fileID: 381982740}
    m_RemovedComponents: []
  m_ParentPrefab: {fileID: 100100000, guid: a15b6c393d7e35b4c8b44ea4fe3706e7, type: 2}
  m_IsPrefabParent: 0
--- !u!4 &887755139 stripped
Transform:
  m_PrefabParentObject: {fileID: 459490, guid: b7e5e980650657a4591538f650e24bd9, type: 2}
  m_PrefabInternal: {fileID: 1714850559}
--- !u!1001 &915649446
Prefab:
  m_ObjectHideFlags: 0
  serializedVersion: 2
  m_Modification:
    m_TransformParent: {fileID: 0}
    m_Modifications:
    - target: {fileID: 479206, guid: 9d7933993d02e4a40b89a2e44a0dd669, type: 2}
      propertyPath: m_LocalPosition.x
      value: 590.10815
      objectReference: {fileID: 0}
    - target: {fileID: 479206, guid: 9d7933993d02e4a40b89a2e44a0dd669, type: 2}
      propertyPath: m_LocalPosition.y
      value: 279.31958
      objectReference: {fileID: 0}
    - target: {fileID: 479206, guid: 9d7933993d02e4a40b89a2e44a0dd669, type: 2}
      propertyPath: m_LocalPosition.z
      value: 0
      objectReference: {fileID: 0}
    - target: {fileID: 479206, guid: 9d7933993d02e4a40b89a2e44a0dd669, type: 2}
      propertyPath: m_LocalRotation.x
      value: 0
      objectReference: {fileID: 0}
    - target: {fileID: 479206, guid: 9d7933993d02e4a40b89a2e44a0dd669, type: 2}
      propertyPath: m_LocalRotation.y
      value: 0
      objectReference: {fileID: 0}
    - target: {fileID: 479206, guid: 9d7933993d02e4a40b89a2e44a0dd669, type: 2}
      propertyPath: m_LocalRotation.z
      value: 0
      objectReference: {fileID: 0}
    - target: {fileID: 479206, guid: 9d7933993d02e4a40b89a2e44a0dd669, type: 2}
      propertyPath: m_LocalRotation.w
      value: 1
      objectReference: {fileID: 0}
    - target: {fileID: 479206, guid: 9d7933993d02e4a40b89a2e44a0dd669, type: 2}
      propertyPath: m_RootOrder
      value: 7
      objectReference: {fileID: 0}
    - target: {fileID: 11472894, guid: 9d7933993d02e4a40b89a2e44a0dd669, type: 2}
      propertyPath: TargetTime
      value: 40
      objectReference: {fileID: 0}
    m_RemovedComponents: []
  m_ParentPrefab: {fileID: 100100000, guid: 9d7933993d02e4a40b89a2e44a0dd669, type: 2}
  m_IsPrefabParent: 0
--- !u!114 &915649447 stripped
MonoBehaviour:
  m_PrefabParentObject: {fileID: 11456256, guid: 9d7933993d02e4a40b89a2e44a0dd669,
    type: 2}
  m_PrefabInternal: {fileID: 915649446}
  m_Script: {fileID: 11500000, guid: a53cdb66d16818a47baa3ef162abb253, type: 3}
--- !u!1001 &926333718
Prefab:
  m_ObjectHideFlags: 0
  serializedVersion: 2
  m_Modification:
    m_TransformParent: {fileID: 1006018913}
    m_Modifications:
    - target: {fileID: 11439924, guid: a9d668391c275854c90fadd2aeb8904c, type: 2}
      propertyPath: impactedObjects.Array.size
      value: 1
      objectReference: {fileID: 0}
    - target: {fileID: 495542, guid: a9d668391c275854c90fadd2aeb8904c, type: 2}
      propertyPath: m_LocalPosition.x
      value: 20.45921
      objectReference: {fileID: 0}
    - target: {fileID: 495542, guid: a9d668391c275854c90fadd2aeb8904c, type: 2}
      propertyPath: m_LocalPosition.y
      value: 6.656885
      objectReference: {fileID: 0}
    - target: {fileID: 495542, guid: a9d668391c275854c90fadd2aeb8904c, type: 2}
      propertyPath: m_LocalPosition.z
      value: 0.140625
      objectReference: {fileID: 0}
    - target: {fileID: 495542, guid: a9d668391c275854c90fadd2aeb8904c, type: 2}
      propertyPath: m_LocalRotation.x
      value: 0
      objectReference: {fileID: 0}
    - target: {fileID: 495542, guid: a9d668391c275854c90fadd2aeb8904c, type: 2}
      propertyPath: m_LocalRotation.y
      value: 0
      objectReference: {fileID: 0}
    - target: {fileID: 495542, guid: a9d668391c275854c90fadd2aeb8904c, type: 2}
      propertyPath: m_LocalRotation.z
      value: 0
      objectReference: {fileID: 0}
    - target: {fileID: 495542, guid: a9d668391c275854c90fadd2aeb8904c, type: 2}
      propertyPath: m_LocalRotation.w
      value: 1
      objectReference: {fileID: 0}
    - target: {fileID: 495542, guid: a9d668391c275854c90fadd2aeb8904c, type: 2}
      propertyPath: m_RootOrder
      value: 2
      objectReference: {fileID: 0}
    - target: {fileID: 495542, guid: a9d668391c275854c90fadd2aeb8904c, type: 2}
      propertyPath: m_LocalScale.x
      value: 3.2
      objectReference: {fileID: 0}
    - target: {fileID: 495542, guid: a9d668391c275854c90fadd2aeb8904c, type: 2}
      propertyPath: m_LocalScale.y
      value: 3.2
      objectReference: {fileID: 0}
    - target: {fileID: 11439924, guid: a9d668391c275854c90fadd2aeb8904c, type: 2}
      propertyPath: impactedObjects.Array.data[0]
      value: 
      objectReference: {fileID: 1344969034}
    m_RemovedComponents: []
  m_ParentPrefab: {fileID: 100100000, guid: a9d668391c275854c90fadd2aeb8904c, type: 2}
  m_IsPrefabParent: 0
--- !u!4 &968158989 stripped
Transform:
  m_PrefabParentObject: {fileID: 422940, guid: d3015d5b9189bd340b857d9305647cb3, type: 2}
  m_PrefabInternal: {fileID: 1387973127}
--- !u!1001 &983801940
Prefab:
  m_ObjectHideFlags: 0
  serializedVersion: 2
  m_Modification:
    m_TransformParent: {fileID: 1006018913}
    m_Modifications:
    - target: {fileID: 11441088, guid: 4c3abaf6c7b93fd40a599906d50573f2, type: 2}
      propertyPath: impactedObjects.Array.size
      value: 1
      objectReference: {fileID: 0}
    - target: {fileID: 472030, guid: 4c3abaf6c7b93fd40a599906d50573f2, type: 2}
      propertyPath: m_LocalPosition.x
      value: 13.363107
      objectReference: {fileID: 0}
    - target: {fileID: 472030, guid: 4c3abaf6c7b93fd40a599906d50573f2, type: 2}
      propertyPath: m_LocalPosition.y
      value: -0.26005268
      objectReference: {fileID: 0}
    - target: {fileID: 472030, guid: 4c3abaf6c7b93fd40a599906d50573f2, type: 2}
      propertyPath: m_LocalPosition.z
      value: 0.140625
      objectReference: {fileID: 0}
    - target: {fileID: 472030, guid: 4c3abaf6c7b93fd40a599906d50573f2, type: 2}
      propertyPath: m_LocalRotation.x
      value: 0
      objectReference: {fileID: 0}
    - target: {fileID: 472030, guid: 4c3abaf6c7b93fd40a599906d50573f2, type: 2}
      propertyPath: m_LocalRotation.y
      value: 0
      objectReference: {fileID: 0}
    - target: {fileID: 472030, guid: 4c3abaf6c7b93fd40a599906d50573f2, type: 2}
      propertyPath: m_LocalRotation.z
      value: 0
      objectReference: {fileID: 0}
    - target: {fileID: 472030, guid: 4c3abaf6c7b93fd40a599906d50573f2, type: 2}
      propertyPath: m_LocalRotation.w
      value: 1
      objectReference: {fileID: 0}
    - target: {fileID: 472030, guid: 4c3abaf6c7b93fd40a599906d50573f2, type: 2}
      propertyPath: m_RootOrder
      value: 0
      objectReference: {fileID: 0}
    - target: {fileID: 472030, guid: 4c3abaf6c7b93fd40a599906d50573f2, type: 2}
      propertyPath: m_LocalScale.x
      value: 3.233363
      objectReference: {fileID: 0}
    - target: {fileID: 472030, guid: 4c3abaf6c7b93fd40a599906d50573f2, type: 2}
      propertyPath: m_LocalScale.y
      value: 3.2333627
      objectReference: {fileID: 0}
    - target: {fileID: 472030, guid: 4c3abaf6c7b93fd40a599906d50573f2, type: 2}
      propertyPath: m_LocalScale.z
      value: 3.2333627
      objectReference: {fileID: 0}
    - target: {fileID: 11441088, guid: 4c3abaf6c7b93fd40a599906d50573f2, type: 2}
      propertyPath: impactedObjects.Array.data[0]
      value: 
      objectReference: {fileID: 1500006357}
    m_RemovedComponents: []
  m_ParentPrefab: {fileID: 100100000, guid: 4c3abaf6c7b93fd40a599906d50573f2, type: 2}
  m_IsPrefabParent: 0
--- !u!1 &1006018912
GameObject:
  m_ObjectHideFlags: 0
  m_PrefabParentObject: {fileID: 0}
  m_PrefabInternal: {fileID: 0}
  serializedVersion: 4
  m_Component:
  - 4: {fileID: 1006018913}
  m_Layer: 12
  m_Name: Switches
  m_TagString: Untagged
  m_Icon: {fileID: 0}
  m_NavMeshLayer: 0
  m_StaticEditorFlags: 0
  m_IsActive: 1
--- !u!4 &1006018913
Transform:
  m_ObjectHideFlags: 0
  m_PrefabParentObject: {fileID: 0}
  m_PrefabInternal: {fileID: 0}
  m_GameObject: {fileID: 1006018912}
  m_LocalRotation: {x: 0, y: 0, z: 0, w: 1}
  m_LocalPosition: {x: -12.422994, y: -2.8571079, z: -0.140625}
  m_LocalScale: {x: 1, y: 1, z: 1}
  m_Children:
  - {fileID: 485495723}
  - {fileID: 43286610}
  - {fileID: 1294385185}
  m_Father: {fileID: 378997591}
  m_RootOrder: 1
--- !u!4 &1015287318 stripped
Transform:
  m_PrefabParentObject: {fileID: 478018, guid: 181e4b75fe481ab41b7e8ead80ab71bb, type: 2}
  m_PrefabInternal: {fileID: 1834869283}
--- !u!4 &1125405080 stripped
Transform:
  m_PrefabParentObject: {fileID: 459490, guid: b7e5e980650657a4591538f650e24bd9, type: 2}
  m_PrefabInternal: {fileID: 1173979743}
--- !u!1001 &1171564165
Prefab:
  m_ObjectHideFlags: 0
  serializedVersion: 2
  m_Modification:
    m_TransformParent: {fileID: 1944085901}
    m_Modifications:
    - target: {fileID: 11432358, guid: 70d79d9d508aef14db0ff73f957ad003, type: 2}
      propertyPath: waypoints.Array.size
      value: 0
      objectReference: {fileID: 0}
    - target: {fileID: 444294, guid: 70d79d9d508aef14db0ff73f957ad003, type: 2}
      propertyPath: m_LocalPosition.x
      value: -12.422994
      objectReference: {fileID: 0}
    - target: {fileID: 444294, guid: 70d79d9d508aef14db0ff73f957ad003, type: 2}
      propertyPath: m_LocalPosition.y
      value: -2.8571079
      objectReference: {fileID: 0}
    - target: {fileID: 444294, guid: 70d79d9d508aef14db0ff73f957ad003, type: 2}
      propertyPath: m_LocalPosition.z
      value: -0.140625
      objectReference: {fileID: 0}
    - target: {fileID: 444294, guid: 70d79d9d508aef14db0ff73f957ad003, type: 2}
      propertyPath: m_LocalRotation.x
      value: 0
      objectReference: {fileID: 0}
    - target: {fileID: 444294, guid: 70d79d9d508aef14db0ff73f957ad003, type: 2}
      propertyPath: m_LocalRotation.y
      value: 0
      objectReference: {fileID: 0}
    - target: {fileID: 444294, guid: 70d79d9d508aef14db0ff73f957ad003, type: 2}
      propertyPath: m_LocalRotation.z
      value: 0
      objectReference: {fileID: 0}
    - target: {fileID: 444294, guid: 70d79d9d508aef14db0ff73f957ad003, type: 2}
      propertyPath: m_LocalRotation.w
      value: 1
      objectReference: {fileID: 0}
    - target: {fileID: 444294, guid: 70d79d9d508aef14db0ff73f957ad003, type: 2}
      propertyPath: m_RootOrder
      value: 0
      objectReference: {fileID: 0}
    - target: {fileID: 450038, guid: 70d79d9d508aef14db0ff73f957ad003, type: 2}
      propertyPath: m_LocalScale.x
      value: 1.6
      objectReference: {fileID: 0}
    - target: {fileID: 450038, guid: 70d79d9d508aef14db0ff73f957ad003, type: 2}
      propertyPath: m_LocalScale.y
      value: 0.4
      objectReference: {fileID: 0}
    - target: {fileID: 453130, guid: 70d79d9d508aef14db0ff73f957ad003, type: 2}
      propertyPath: m_LocalScale.x
      value: 0.82
      objectReference: {fileID: 0}
    - target: {fileID: 453130, guid: 70d79d9d508aef14db0ff73f957ad003, type: 2}
      propertyPath: m_LocalScale.y
      value: 2.93
      objectReference: {fileID: 0}
    - target: {fileID: 11432358, guid: 70d79d9d508aef14db0ff73f957ad003, type: 2}
      propertyPath: waypoints.Array.data[0]
      value: 
      objectReference: {fileID: 34460190}
    - target: {fileID: 11432358, guid: 70d79d9d508aef14db0ff73f957ad003, type: 2}
      propertyPath: waypoints.Array.data[1]
      value: 
      objectReference: {fileID: 1184832602}
    - target: {fileID: 11432358, guid: 70d79d9d508aef14db0ff73f957ad003, type: 2}
      propertyPath: moving
      value: 0
      objectReference: {fileID: 0}
    - target: {fileID: 450038, guid: 70d79d9d508aef14db0ff73f957ad003, type: 2}
      propertyPath: m_LocalPosition.x
      value: -2.17
      objectReference: {fileID: 0}
    - target: {fileID: 450038, guid: 70d79d9d508aef14db0ff73f957ad003, type: 2}
      propertyPath: m_LocalPosition.y
      value: -0.76
      objectReference: {fileID: 0}
    m_RemovedComponents: []
  m_ParentPrefab: {fileID: 100100000, guid: 70d79d9d508aef14db0ff73f957ad003, type: 2}
  m_IsPrefabParent: 0
--- !u!1001 &1173979743
Prefab:
  m_ObjectHideFlags: 0
  serializedVersion: 2
  m_Modification:
    m_TransformParent: {fileID: 1191108350}
    m_Modifications:
    - target: {fileID: 459490, guid: b7e5e980650657a4591538f650e24bd9, type: 2}
      propertyPath: m_LocalPosition.x
      value: 0.6891625
      objectReference: {fileID: 0}
    - target: {fileID: 459490, guid: b7e5e980650657a4591538f650e24bd9, type: 2}
      propertyPath: m_LocalPosition.y
      value: 0.16877449
      objectReference: {fileID: 0}
    - target: {fileID: 459490, guid: b7e5e980650657a4591538f650e24bd9, type: 2}
      propertyPath: m_LocalPosition.z
      value: -0.043491874
      objectReference: {fileID: 0}
    - target: {fileID: 459490, guid: b7e5e980650657a4591538f650e24bd9, type: 2}
      propertyPath: m_LocalRotation.x
      value: 0
      objectReference: {fileID: 0}
    - target: {fileID: 459490, guid: b7e5e980650657a4591538f650e24bd9, type: 2}
      propertyPath: m_LocalRotation.y
      value: 0
      objectReference: {fileID: 0}
    - target: {fileID: 459490, guid: b7e5e980650657a4591538f650e24bd9, type: 2}
      propertyPath: m_LocalRotation.z
      value: 0
      objectReference: {fileID: 0}
    - target: {fileID: 459490, guid: b7e5e980650657a4591538f650e24bd9, type: 2}
      propertyPath: m_LocalRotation.w
      value: 1
      objectReference: {fileID: 0}
    - target: {fileID: 459490, guid: b7e5e980650657a4591538f650e24bd9, type: 2}
      propertyPath: m_RootOrder
      value: 1
      objectReference: {fileID: 0}
    - target: {fileID: 179716, guid: b7e5e980650657a4591538f650e24bd9, type: 2}
      propertyPath: m_Name
      value: Second
      objectReference: {fileID: 0}
    - target: {fileID: 459490, guid: b7e5e980650657a4591538f650e24bd9, type: 2}
      propertyPath: m_LocalScale.x
      value: 0.3092755
      objectReference: {fileID: 0}
    - target: {fileID: 459490, guid: b7e5e980650657a4591538f650e24bd9, type: 2}
      propertyPath: m_LocalScale.y
      value: 0.30927554
      objectReference: {fileID: 0}
    - target: {fileID: 459490, guid: b7e5e980650657a4591538f650e24bd9, type: 2}
      propertyPath: m_LocalScale.z
      value: 0.30927554
      objectReference: {fileID: 0}
    - target: {fileID: 11472312, guid: b7e5e980650657a4591538f650e24bd9, type: 2}
      propertyPath: moving
      value: 0
      objectReference: {fileID: 0}
    - target: {fileID: 11472312, guid: b7e5e980650657a4591538f650e24bd9, type: 2}
      propertyPath: loop
      value: 2
      objectReference: {fileID: 0}
    - target: {fileID: 11472312, guid: b7e5e980650657a4591538f650e24bd9, type: 2}
      propertyPath: speed
      value: 3
      objectReference: {fileID: 0}
    - target: {fileID: 403200, guid: b7e5e980650657a4591538f650e24bd9, type: 2}
      propertyPath: m_LocalPosition.y
      value: 4.57
      objectReference: {fileID: 0}
    m_RemovedComponents: []
  m_ParentPrefab: {fileID: 100100000, guid: b7e5e980650657a4591538f650e24bd9, type: 2}
  m_IsPrefabParent: 0
--- !u!4 &1184832602 stripped
Transform:
  m_PrefabParentObject: {fileID: 485080, guid: 70d79d9d508aef14db0ff73f957ad003, type: 2}
  m_PrefabInternal: {fileID: 1171564165}
--- !u!1001 &1190835369
Prefab:
  m_ObjectHideFlags: 0
  serializedVersion: 2
  m_Modification:
    m_TransformParent: {fileID: 0}
    m_Modifications:
    - target: {fileID: 451954, guid: 32b5f89b7ae7a9f4d9e166f685169f42, type: 2}
      propertyPath: m_LocalPosition.x
      value: -17.93
      objectReference: {fileID: 0}
    - target: {fileID: 451954, guid: 32b5f89b7ae7a9f4d9e166f685169f42, type: 2}
      propertyPath: m_LocalPosition.y
      value: -6.6
      objectReference: {fileID: 0}
    - target: {fileID: 451954, guid: 32b5f89b7ae7a9f4d9e166f685169f42, type: 2}
      propertyPath: m_LocalPosition.z
      value: 0
      objectReference: {fileID: 0}
    - target: {fileID: 451954, guid: 32b5f89b7ae7a9f4d9e166f685169f42, type: 2}
      propertyPath: m_LocalRotation.x
      value: 0
      objectReference: {fileID: 0}
    - target: {fileID: 451954, guid: 32b5f89b7ae7a9f4d9e166f685169f42, type: 2}
      propertyPath: m_LocalRotation.y
      value: 0
      objectReference: {fileID: 0}
    - target: {fileID: 451954, guid: 32b5f89b7ae7a9f4d9e166f685169f42, type: 2}
      propertyPath: m_LocalRotation.z
      value: 0
      objectReference: {fileID: 0}
    - target: {fileID: 451954, guid: 32b5f89b7ae7a9f4d9e166f685169f42, type: 2}
      propertyPath: m_LocalRotation.w
      value: 1
      objectReference: {fileID: 0}
    - target: {fileID: 451954, guid: 32b5f89b7ae7a9f4d9e166f685169f42, type: 2}
      propertyPath: m_RootOrder
      value: 4
      objectReference: {fileID: 0}
    m_RemovedComponents: []
  m_ParentPrefab: {fileID: 100100000, guid: 32b5f89b7ae7a9f4d9e166f685169f42, type: 2}
  m_IsPrefabParent: 0
--- !u!1 &1191108349
GameObject:
  m_ObjectHideFlags: 0
  m_PrefabParentObject: {fileID: 0}
  m_PrefabInternal: {fileID: 0}
  serializedVersion: 4
  m_Component:
  - 4: {fileID: 1191108350}
  m_Layer: 0
  m_Name: Platforms
  m_TagString: Untagged
  m_Icon: {fileID: 0}
  m_NavMeshLayer: 0
  m_StaticEditorFlags: 0
  m_IsActive: 1
--- !u!4 &1191108350
Transform:
  m_ObjectHideFlags: 0
  m_PrefabParentObject: {fileID: 0}
  m_PrefabInternal: {fileID: 0}
  m_GameObject: {fileID: 1191108349}
  m_LocalRotation: {x: 0, y: 0, z: 0, w: 1}
  m_LocalPosition: {x: 0.94011307, y: -3.1171606, z: 0}
  m_LocalScale: {x: 3.233363, y: 3.2333627, z: 3.2333627}
  m_Children:
  - {fileID: 149111332}
  - {fileID: 1125405080}
  - {fileID: 887755139}
  - {fileID: 2034719433}
  m_Father: {fileID: 378997591}
  m_RootOrder: 0
--- !u!4 &1294385185 stripped
Transform:
  m_PrefabParentObject: {fileID: 495542, guid: a9d668391c275854c90fadd2aeb8904c, type: 2}
  m_PrefabInternal: {fileID: 926333718}
--- !u!4 &1314414325 stripped
Transform:
  m_PrefabParentObject: {fileID: 403200, guid: b7e5e980650657a4591538f650e24bd9, type: 2}
  m_PrefabInternal: {fileID: 317692824}
--- !u!114 &1344969034 stripped
MonoBehaviour:
  m_PrefabParentObject: {fileID: 11472312, guid: b7e5e980650657a4591538f650e24bd9,
    type: 2}
  m_PrefabInternal: {fileID: 1173979743}
  m_Script: {fileID: 11500000, guid: 34d9a6506bda1dc4986cadb2bcbe2700, type: 3}
--- !u!1001 &1387973127
Prefab:
  m_ObjectHideFlags: 0
  serializedVersion: 2
  m_Modification:
    m_TransformParent: {fileID: 0}
    m_Modifications:
    - target: {fileID: 422940, guid: d3015d5b9189bd340b857d9305647cb3, type: 2}
      propertyPath: m_LocalPosition.x
      value: -6.28
      objectReference: {fileID: 0}
    - target: {fileID: 422940, guid: d3015d5b9189bd340b857d9305647cb3, type: 2}
      propertyPath: m_LocalPosition.y
      value: -0.94
      objectReference: {fileID: 0}
    - target: {fileID: 422940, guid: d3015d5b9189bd340b857d9305647cb3, type: 2}
      propertyPath: m_LocalPosition.z
      value: 0
      objectReference: {fileID: 0}
    - target: {fileID: 422940, guid: d3015d5b9189bd340b857d9305647cb3, type: 2}
      propertyPath: m_LocalRotation.x
      value: 0
      objectReference: {fileID: 0}
    - target: {fileID: 422940, guid: d3015d5b9189bd340b857d9305647cb3, type: 2}
      propertyPath: m_LocalRotation.y
      value: 0
      objectReference: {fileID: 0}
    - target: {fileID: 422940, guid: d3015d5b9189bd340b857d9305647cb3, type: 2}
      propertyPath: m_LocalRotation.z
      value: 0
      objectReference: {fileID: 0}
    - target: {fileID: 422940, guid: d3015d5b9189bd340b857d9305647cb3, type: 2}
      propertyPath: m_LocalRotation.w
      value: 1
      objectReference: {fileID: 0}
    - target: {fileID: 422940, guid: d3015d5b9189bd340b857d9305647cb3, type: 2}
      propertyPath: m_RootOrder
      value: 0
      objectReference: {fileID: 0}
    m_RemovedComponents: []
  m_ParentPrefab: {fileID: 100100000, guid: d3015d5b9189bd340b857d9305647cb3, type: 2}
  m_IsPrefabParent: 0
--- !u!1001 &1452805482
Prefab:
  m_ObjectHideFlags: 0
  serializedVersion: 2
  m_Modification:
    m_TransformParent: {fileID: 0}
    m_Modifications:
    - target: {fileID: 419292, guid: c5607031807265b48b4a92e64f67d4cb, type: 2}
      propertyPath: m_LocalPosition.x
      value: 0
      objectReference: {fileID: 0}
    - target: {fileID: 419292, guid: c5607031807265b48b4a92e64f67d4cb, type: 2}
      propertyPath: m_LocalPosition.y
      value: 0
      objectReference: {fileID: 0}
    - target: {fileID: 419292, guid: c5607031807265b48b4a92e64f67d4cb, type: 2}
      propertyPath: m_LocalPosition.z
      value: 0
      objectReference: {fileID: 0}
    - target: {fileID: 419292, guid: c5607031807265b48b4a92e64f67d4cb, type: 2}
      propertyPath: m_LocalRotation.x
      value: 0
      objectReference: {fileID: 0}
    - target: {fileID: 419292, guid: c5607031807265b48b4a92e64f67d4cb, type: 2}
      propertyPath: m_LocalRotation.y
      value: 0
      objectReference: {fileID: 0}
    - target: {fileID: 419292, guid: c5607031807265b48b4a92e64f67d4cb, type: 2}
      propertyPath: m_LocalRotation.z
      value: 0
      objectReference: {fileID: 0}
    - target: {fileID: 419292, guid: c5607031807265b48b4a92e64f67d4cb, type: 2}
      propertyPath: m_LocalRotation.w
      value: 1
      objectReference: {fileID: 0}
    - target: {fileID: 419292, guid: c5607031807265b48b4a92e64f67d4cb, type: 2}
      propertyPath: m_RootOrder
      value: 0
      objectReference: {fileID: 0}
    - target: {fileID: 479376, guid: c5607031807265b48b4a92e64f67d4cb, type: 2}
      propertyPath: m_LocalPosition.x
      value: 17.5
      objectReference: {fileID: 0}
    m_RemovedComponents: []
  m_ParentPrefab: {fileID: 100100000, guid: c5607031807265b48b4a92e64f67d4cb, type: 2}
  m_IsPrefabParent: 0
--- !u!114 &1500006357 stripped
MonoBehaviour:
  m_PrefabParentObject: {fileID: 11472312, guid: b7e5e980650657a4591538f650e24bd9,
    type: 2}
  m_PrefabInternal: {fileID: 317692824}
  m_Script: {fileID: 11500000, guid: 34d9a6506bda1dc4986cadb2bcbe2700, type: 3}
--- !u!4 &1501914834 stripped
Transform:
  m_PrefabParentObject: {fileID: 473626, guid: cc4915969686b1e4c888dfc25c81b502, type: 2}
  m_PrefabInternal: {fileID: 1608831024}
--- !u!1001 &1540082545
Prefab:
  m_ObjectHideFlags: 0
  serializedVersion: 2
  m_Modification:
    m_TransformParent: {fileID: 1191108350}
    m_Modifications:
    - target: {fileID: 11472312, guid: b7e5e980650657a4591538f650e24bd9, type: 2}
      propertyPath: waypoints.Array.size
      value: 0
      objectReference: {fileID: 0}
    - target: {fileID: 459490, guid: b7e5e980650657a4591538f650e24bd9, type: 2}
      propertyPath: m_LocalPosition.x
      value: 5.2262197
      objectReference: {fileID: 0}
    - target: {fileID: 459490, guid: b7e5e980650657a4591538f650e24bd9, type: 2}
      propertyPath: m_LocalPosition.y
      value: 4.71
      objectReference: {fileID: 0}
    - target: {fileID: 459490, guid: b7e5e980650657a4591538f650e24bd9, type: 2}
      propertyPath: m_LocalPosition.z
      value: -0.043491874
      objectReference: {fileID: 0}
    - target: {fileID: 459490, guid: b7e5e980650657a4591538f650e24bd9, type: 2}
      propertyPath: m_LocalRotation.x
      value: 0
      objectReference: {fileID: 0}
    - target: {fileID: 459490, guid: b7e5e980650657a4591538f650e24bd9, type: 2}
      propertyPath: m_LocalRotation.y
      value: 0
      objectReference: {fileID: 0}
    - target: {fileID: 459490, guid: b7e5e980650657a4591538f650e24bd9, type: 2}
      propertyPath: m_LocalRotation.z
      value: 0
      objectReference: {fileID: 0}
    - target: {fileID: 459490, guid: b7e5e980650657a4591538f650e24bd9, type: 2}
      propertyPath: m_LocalRotation.w
      value: 1
      objectReference: {fileID: 0}
    - target: {fileID: 459490, guid: b7e5e980650657a4591538f650e24bd9, type: 2}
      propertyPath: m_RootOrder
      value: 3
      objectReference: {fileID: 0}
    - target: {fileID: 459490, guid: b7e5e980650657a4591538f650e24bd9, type: 2}
      propertyPath: m_LocalScale.x
      value: 0.3092755
      objectReference: {fileID: 0}
    - target: {fileID: 459490, guid: b7e5e980650657a4591538f650e24bd9, type: 2}
      propertyPath: m_LocalScale.y
      value: 0.30927554
      objectReference: {fileID: 0}
    - target: {fileID: 459490, guid: b7e5e980650657a4591538f650e24bd9, type: 2}
      propertyPath: m_LocalScale.z
      value: 0.30927554
      objectReference: {fileID: 0}
    - target: {fileID: 179716, guid: b7e5e980650657a4591538f650e24bd9, type: 2}
      propertyPath: m_Name
      value: Fourth
      objectReference: {fileID: 0}
    - target: {fileID: 11472312, guid: b7e5e980650657a4591538f650e24bd9, type: 2}
      propertyPath: moving
      value: 0
      objectReference: {fileID: 0}
    - target: {fileID: 11472312, guid: b7e5e980650657a4591538f650e24bd9, type: 2}
      propertyPath: waypoints.Array.data[0]
      value: 
      objectReference: {fileID: 2422407}
    - target: {fileID: 11472312, guid: b7e5e980650657a4591538f650e24bd9, type: 2}
      propertyPath: waypoints.Array.data[1]
      value: 
      objectReference: {fileID: 1738353016}
    m_RemovedComponents: []
  m_ParentPrefab: {fileID: 100100000, guid: b7e5e980650657a4591538f650e24bd9, type: 2}
  m_IsPrefabParent: 0
--- !u!1001 &1553325916
Prefab:
  m_ObjectHideFlags: 0
  serializedVersion: 2
  m_Modification:
    m_TransformParent: {fileID: 0}
    m_Modifications:
    - target: {fileID: 474550, guid: da653661fa9cf41449514bf070adeaed, type: 2}
      propertyPath: m_LocalPosition.x
      value: 0
      objectReference: {fileID: 0}
    - target: {fileID: 474550, guid: da653661fa9cf41449514bf070adeaed, type: 2}
      propertyPath: m_LocalPosition.y
      value: 0
      objectReference: {fileID: 0}
    - target: {fileID: 474550, guid: da653661fa9cf41449514bf070adeaed, type: 2}
      propertyPath: m_LocalPosition.z
      value: -10
      objectReference: {fileID: 0}
    - target: {fileID: 474550, guid: da653661fa9cf41449514bf070adeaed, type: 2}
      propertyPath: m_LocalRotation.x
      value: 0
      objectReference: {fileID: 0}
    - target: {fileID: 474550, guid: da653661fa9cf41449514bf070adeaed, type: 2}
      propertyPath: m_LocalRotation.y
      value: 0
      objectReference: {fileID: 0}
    - target: {fileID: 474550, guid: da653661fa9cf41449514bf070adeaed, type: 2}
      propertyPath: m_LocalRotation.z
      value: 0
      objectReference: {fileID: 0}
    - target: {fileID: 474550, guid: da653661fa9cf41449514bf070adeaed, type: 2}
      propertyPath: m_LocalRotation.w
      value: 1
      objectReference: {fileID: 0}
    - target: {fileID: 474550, guid: da653661fa9cf41449514bf070adeaed, type: 2}
      propertyPath: m_RootOrder
      value: 1
      objectReference: {fileID: 0}
    - target: {fileID: 11455778, guid: da653661fa9cf41449514bf070adeaed, type: 2}
      propertyPath: limitLeft
      value: 
      objectReference: {fileID: 95023305}
    - target: {fileID: 11455778, guid: da653661fa9cf41449514bf070adeaed, type: 2}
      propertyPath: limitRight
      value: 
      objectReference: {fileID: 54044860}
    - target: {fileID: 11455778, guid: da653661fa9cf41449514bf070adeaed, type: 2}
      propertyPath: playerFollowed
      value: 
      objectReference: {fileID: 968158989}
    m_RemovedComponents: []
  m_ParentPrefab: {fileID: 100100000, guid: da653661fa9cf41449514bf070adeaed, type: 2}
  m_IsPrefabParent: 0
--- !u!1001 &1593479098
Prefab:
  m_ObjectHideFlags: 0
  serializedVersion: 2
  m_Modification:
    m_TransformParent: {fileID: 0}
    m_Modifications:
    - target: {fileID: 480182, guid: 5b3bd73abc15dad42855d3563df0fff9, type: 2}
      propertyPath: m_LocalPosition.x
      value: -0.03
      objectReference: {fileID: 0}
    - target: {fileID: 480182, guid: 5b3bd73abc15dad42855d3563df0fff9, type: 2}
      propertyPath: m_LocalPosition.y
      value: -0.01
      objectReference: {fileID: 0}
    - target: {fileID: 480182, guid: 5b3bd73abc15dad42855d3563df0fff9, type: 2}
      propertyPath: m_LocalPosition.z
      value: 0
      objectReference: {fileID: 0}
    - target: {fileID: 480182, guid: 5b3bd73abc15dad42855d3563df0fff9, type: 2}
      propertyPath: m_LocalRotation.x
      value: 0
      objectReference: {fileID: 0}
    - target: {fileID: 480182, guid: 5b3bd73abc15dad42855d3563df0fff9, type: 2}
      propertyPath: m_LocalRotation.y
      value: 0
      objectReference: {fileID: 0}
    - target: {fileID: 480182, guid: 5b3bd73abc15dad42855d3563df0fff9, type: 2}
      propertyPath: m_LocalRotation.z
      value: 0
      objectReference: {fileID: 0}
    - target: {fileID: 480182, guid: 5b3bd73abc15dad42855d3563df0fff9, type: 2}
      propertyPath: m_LocalRotation.w
      value: 1
      objectReference: {fileID: 0}
    - target: {fileID: 480182, guid: 5b3bd73abc15dad42855d3563df0fff9, type: 2}
      propertyPath: m_RootOrder
      value: 3
      objectReference: {fileID: 0}
    m_RemovedComponents: []
  m_ParentPrefab: {fileID: 100100000, guid: 5b3bd73abc15dad42855d3563df0fff9, type: 2}
  m_IsPrefabParent: 0
--- !u!4 &1593493049 stripped
Transform:
  m_PrefabParentObject: {fileID: 432144, guid: 181e4b75fe481ab41b7e8ead80ab71bb, type: 2}
  m_PrefabInternal: {fileID: 1834869283}
--- !u!1001 &1608831024
Prefab:
  m_ObjectHideFlags: 0
  serializedVersion: 2
  m_Modification:
    m_TransformParent: {fileID: 1944085901}
    m_Modifications:
    - target: {fileID: 11470356, guid: cc4915969686b1e4c888dfc25c81b502, type: 2}
      propertyPath: waypoints.Array.size
      value: 0
      objectReference: {fileID: 0}
    - target: {fileID: 493322, guid: cc4915969686b1e4c888dfc25c81b502, type: 2}
      propertyPath: m_LocalPosition.x
      value: -22.01
      objectReference: {fileID: 0}
    - target: {fileID: 493322, guid: cc4915969686b1e4c888dfc25c81b502, type: 2}
      propertyPath: m_LocalPosition.y
      value: 6.0762577
      objectReference: {fileID: 0}
    - target: {fileID: 493322, guid: cc4915969686b1e4c888dfc25c81b502, type: 2}
      propertyPath: m_LocalPosition.z
      value: 0
      objectReference: {fileID: 0}
    - target: {fileID: 493322, guid: cc4915969686b1e4c888dfc25c81b502, type: 2}
      propertyPath: m_LocalRotation.x
      value: 0
      objectReference: {fileID: 0}
    - target: {fileID: 493322, guid: cc4915969686b1e4c888dfc25c81b502, type: 2}
      propertyPath: m_LocalRotation.y
      value: 0
      objectReference: {fileID: 0}
    - target: {fileID: 493322, guid: cc4915969686b1e4c888dfc25c81b502, type: 2}
      propertyPath: m_LocalRotation.z
      value: 0
      objectReference: {fileID: 0}
    - target: {fileID: 493322, guid: cc4915969686b1e4c888dfc25c81b502, type: 2}
      propertyPath: m_LocalRotation.w
      value: 1
      objectReference: {fileID: 0}
    - target: {fileID: 493322, guid: cc4915969686b1e4c888dfc25c81b502, type: 2}
      propertyPath: m_RootOrder
      value: 2
      objectReference: {fileID: 0}
    - target: {fileID: 11470356, guid: cc4915969686b1e4c888dfc25c81b502, type: 2}
      propertyPath: moving
      value: 0
      objectReference: {fileID: 0}
    - target: {fileID: 11470356, guid: cc4915969686b1e4c888dfc25c81b502, type: 2}
      propertyPath: waypoints.Array.data[0]
      value: 
      objectReference: {fileID: 380557412}
    - target: {fileID: 11470356, guid: cc4915969686b1e4c888dfc25c81b502, type: 2}
      propertyPath: waypoints.Array.data[1]
      value: 
      objectReference: {fileID: 196505197}
    - target: {fileID: 11470356, guid: cc4915969686b1e4c888dfc25c81b502, type: 2}
      propertyPath: waypoints.Array.data[2]
      value: 
      objectReference: {fileID: 1501914834}
    - target: {fileID: 445912, guid: cc4915969686b1e4c888dfc25c81b502, type: 2}
      propertyPath: m_LocalScale.x
      value: 3.13
      objectReference: {fileID: 0}
    - target: {fileID: 445912, guid: cc4915969686b1e4c888dfc25c81b502, type: 2}
      propertyPath: m_LocalScale.y
      value: 0.45
      objectReference: {fileID: 0}
    - target: {fileID: 458276, guid: cc4915969686b1e4c888dfc25c81b502, type: 2}
      propertyPath: m_LocalScale.x
      value: 0.46
      objectReference: {fileID: 0}
    - target: {fileID: 458276, guid: cc4915969686b1e4c888dfc25c81b502, type: 2}
      propertyPath: m_LocalScale.y
      value: 3.14
      objectReference: {fileID: 0}
    - target: {fileID: 458276, guid: cc4915969686b1e4c888dfc25c81b502, type: 2}
      propertyPath: m_LocalPosition.y
      value: 2.6
      objectReference: {fileID: 0}
    m_RemovedComponents: []
  m_ParentPrefab: {fileID: 100100000, guid: cc4915969686b1e4c888dfc25c81b502, type: 2}
  m_IsPrefabParent: 0
--- !u!4 &1661237781 stripped
Transform:
  m_PrefabParentObject: {fileID: 487106, guid: 181e4b75fe481ab41b7e8ead80ab71bb, type: 2}
  m_PrefabInternal: {fileID: 1834869283}
--- !u!1001 &1714850559
Prefab:
  m_ObjectHideFlags: 0
  serializedVersion: 2
  m_Modification:
    m_TransformParent: {fileID: 1191108350}
    m_Modifications:
    - target: {fileID: 459490, guid: b7e5e980650657a4591538f650e24bd9, type: 2}
      propertyPath: m_LocalPosition.x
      value: 2.9090767
      objectReference: {fileID: 0}
    - target: {fileID: 459490, guid: b7e5e980650657a4591538f650e24bd9, type: 2}
      propertyPath: m_LocalPosition.y
      value: 2.426866
      objectReference: {fileID: 0}
    - target: {fileID: 459490, guid: b7e5e980650657a4591538f650e24bd9, type: 2}
      propertyPath: m_LocalPosition.z
      value: -0.043491874
      objectReference: {fileID: 0}
    - target: {fileID: 459490, guid: b7e5e980650657a4591538f650e24bd9, type: 2}
      propertyPath: m_LocalRotation.x
      value: 0
      objectReference: {fileID: 0}
    - target: {fileID: 459490, guid: b7e5e980650657a4591538f650e24bd9, type: 2}
      propertyPath: m_LocalRotation.y
      value: 0
      objectReference: {fileID: 0}
    - target: {fileID: 459490, guid: b7e5e980650657a4591538f650e24bd9, type: 2}
      propertyPath: m_LocalRotation.z
      value: 0
      objectReference: {fileID: 0}
    - target: {fileID: 459490, guid: b7e5e980650657a4591538f650e24bd9, type: 2}
      propertyPath: m_LocalRotation.w
      value: 1
      objectReference: {fileID: 0}
    - target: {fileID: 459490, guid: b7e5e980650657a4591538f650e24bd9, type: 2}
      propertyPath: m_RootOrder
      value: 2
      objectReference: {fileID: 0}
    - target: {fileID: 459490, guid: b7e5e980650657a4591538f650e24bd9, type: 2}
      propertyPath: m_LocalScale.x
      value: 0.3092755
      objectReference: {fileID: 0}
    - target: {fileID: 459490, guid: b7e5e980650657a4591538f650e24bd9, type: 2}
      propertyPath: m_LocalScale.y
      value: 0.30927554
      objectReference: {fileID: 0}
    - target: {fileID: 459490, guid: b7e5e980650657a4591538f650e24bd9, type: 2}
      propertyPath: m_LocalScale.z
      value: 0.30927554
      objectReference: {fileID: 0}
    - target: {fileID: 179716, guid: b7e5e980650657a4591538f650e24bd9, type: 2}
      propertyPath: m_Name
      value: Third
      objectReference: {fileID: 0}
    - target: {fileID: 403200, guid: b7e5e980650657a4591538f650e24bd9, type: 2}
      propertyPath: m_LocalPosition.y
      value: 5.12
      objectReference: {fileID: 0}
    m_RemovedComponents: []
  m_ParentPrefab: {fileID: 100100000, guid: b7e5e980650657a4591538f650e24bd9, type: 2}
  m_IsPrefabParent: 0
--- !u!4 &1738353016 stripped
Transform:
  m_PrefabParentObject: {fileID: 403200, guid: b7e5e980650657a4591538f650e24bd9, type: 2}
  m_PrefabInternal: {fileID: 1540082545}
--- !u!1001 &1834869283
Prefab:
  m_ObjectHideFlags: 0
  serializedVersion: 2
  m_Modification:
    m_TransformParent: {fileID: 1944085901}
    m_Modifications:
    - target: {fileID: 11449622, guid: 181e4b75fe481ab41b7e8ead80ab71bb, type: 2}
      propertyPath: waypoints.Array.size
      value: 0
      objectReference: {fileID: 0}
    - target: {fileID: 432144, guid: 181e4b75fe481ab41b7e8ead80ab71bb, type: 2}
      propertyPath: m_LocalPosition.x
      value: 0.28
      objectReference: {fileID: 0}
    - target: {fileID: 432144, guid: 181e4b75fe481ab41b7e8ead80ab71bb, type: 2}
      propertyPath: m_LocalPosition.y
      value: 11.597799
      objectReference: {fileID: 0}
    - target: {fileID: 432144, guid: 181e4b75fe481ab41b7e8ead80ab71bb, type: 2}
      propertyPath: m_LocalPosition.z
      value: -0.140625
      objectReference: {fileID: 0}
    - target: {fileID: 432144, guid: 181e4b75fe481ab41b7e8ead80ab71bb, type: 2}
      propertyPath: m_LocalRotation.x
      value: 0
      objectReference: {fileID: 0}
    - target: {fileID: 432144, guid: 181e4b75fe481ab41b7e8ead80ab71bb, type: 2}
      propertyPath: m_LocalRotation.y
      value: 0
      objectReference: {fileID: 0}
    - target: {fileID: 432144, guid: 181e4b75fe481ab41b7e8ead80ab71bb, type: 2}
      propertyPath: m_LocalRotation.z
      value: 0
      objectReference: {fileID: 0}
    - target: {fileID: 432144, guid: 181e4b75fe481ab41b7e8ead80ab71bb, type: 2}
      propertyPath: m_LocalRotation.w
      value: 1
      objectReference: {fileID: 0}
    - target: {fileID: 432144, guid: 181e4b75fe481ab41b7e8ead80ab71bb, type: 2}
      propertyPath: m_RootOrder
      value: 1
      objectReference: {fileID: 0}
    - target: {fileID: 466036, guid: 181e4b75fe481ab41b7e8ead80ab71bb, type: 2}
      propertyPath: m_LocalScale.x
      value: 3.13
      objectReference: {fileID: 0}
    - target: {fileID: 466036, guid: 181e4b75fe481ab41b7e8ead80ab71bb, type: 2}
      propertyPath: m_LocalScale.y
      value: 0.45
      objectReference: {fileID: 0}
    - target: {fileID: 461942, guid: 181e4b75fe481ab41b7e8ead80ab71bb, type: 2}
      propertyPath: m_LocalScale.x
      value: 0.46
      objectReference: {fileID: 0}
    - target: {fileID: 461942, guid: 181e4b75fe481ab41b7e8ead80ab71bb, type: 2}
      propertyPath: m_LocalScale.y
      value: 3.14
      objectReference: {fileID: 0}
    - target: {fileID: 461942, guid: 181e4b75fe481ab41b7e8ead80ab71bb, type: 2}
      propertyPath: m_LocalPosition.y
      value: 2.99
      objectReference: {fileID: 0}
    - target: {fileID: 11449622, guid: 181e4b75fe481ab41b7e8ead80ab71bb, type: 2}
      propertyPath: waypoints.Array.data[0]
      value: 
      objectReference: {fileID: 1661237781}
    - target: {fileID: 11449622, guid: 181e4b75fe481ab41b7e8ead80ab71bb, type: 2}
      propertyPath: waypoints.Array.data[1]
      value: 
      objectReference: {fileID: 1015287318}
    - target: {fileID: 11449622, guid: 181e4b75fe481ab41b7e8ead80ab71bb, type: 2}
      propertyPath: waypoints.Array.data[2]
      value: 
      objectReference: {fileID: 483687485}
    - target: {fileID: 11449622, guid: 181e4b75fe481ab41b7e8ead80ab71bb, type: 2}
      propertyPath: moving
      value: 0
      objectReference: {fileID: 0}
    m_RemovedComponents: []
  m_ParentPrefab: {fileID: 100100000, guid: 181e4b75fe481ab41b7e8ead80ab71bb, type: 2}
  m_IsPrefabParent: 0
--- !u!4 &1836353786 stripped
Transform:
  m_PrefabParentObject: {fileID: 444294, guid: 70d79d9d508aef14db0ff73f957ad003, type: 2}
  m_PrefabInternal: {fileID: 1171564165}
--- !u!1 &1944085900
GameObject:
  m_ObjectHideFlags: 0
  m_PrefabParentObject: {fileID: 0}
  m_PrefabInternal: {fileID: 0}
  serializedVersion: 4
  m_Component:
  - 4: {fileID: 1944085901}
  m_Layer: 0
  m_Name: Color
  m_TagString: Untagged
  m_Icon: {fileID: 0}
  m_NavMeshLayer: 0
  m_StaticEditorFlags: 0
  m_IsActive: 1
--- !u!4 &1944085901
Transform:
  m_ObjectHideFlags: 0
  m_PrefabParentObject: {fileID: 0}
  m_PrefabInternal: {fileID: 0}
  m_GameObject: {fileID: 1944085900}
  m_LocalRotation: {x: 0, y: 0, z: 0, w: 1}
  m_LocalPosition: {x: 0, y: 0, z: 0}
  m_LocalScale: {x: 1, y: 1, z: 1}
  m_Children:
  - {fileID: 1836353786}
  - {fileID: 1593493049}
  - {fileID: 15456187}
  m_Father: {fileID: 378997591}
  m_RootOrder: 2
--- !u!4 &2034719433 stripped
Transform:
  m_PrefabParentObject: {fileID: 459490, guid: b7e5e980650657a4591538f650e24bd9, type: 2}
  m_PrefabInternal: {fileID: 1540082545}
